<?xml version="1.0" encoding="UTF-8"?><collection xmlns="http://www.loc.gov/MARC21/slim"><record><leader>00499nam--2200181-i-4500</leader><controlfield tag="001">000042686</controlfield><controlfield tag="002">20161230</controlfield><controlfield tag="005">20161230201043</controlfield><controlfield tag="008">060222s1000------------r-----000-0-eng-d</controlfield><datafield ind1=" " ind2=" " tag="040"><subfield code="a">IFIN-HH</subfield></datafield><datafield ind1=" " ind2=" " tag="080"><subfield code="a">(038)=397=590</subfield></datafield><datafield ind1="1" ind2=" " tag="100"><subfield code="a">State Nicolai</subfield></datafield><datafield ind1="1" ind2="0" tag="245"><subfield code="a">Svensk-rumansk ordbok. dictionar suedez-roman</subfield><subfield code="c">Nicolaai state, cornelia state</subfield></datafield><datafield ind1=" " ind2=" " tag="260"><subfield code="a">Bucuresti</subfield><subfield code="b">Editura Porto-franco</subfield><subfield code="c">1990</subfield></datafield><datafield ind1=" " ind2=" " tag="300"><subfield code="a">492 P</subfield></datafield><datafield ind1=" " ind2=" " tag="700"><subfield code="a">State,Cornelia</subfield></datafield><datafield ind1=" " ind2=" " tag="852"><subfield code="a">D.690</subfield><subfield code="c">SLG</subfield></datafield><datafield ind1=" " ind2=" " tag="CAT"><subfield code="a">Sys</subfield><subfield code="c">20130212</subfield><subfield code="h">154503</subfield></datafield></record></collection>